@article{sutton1999between,
title={Between MDPs and semi-MDPs: a framework for temporal abstraction in reinforcement learning},
author={Sutton, Richard and Precup, Doina and Singh, Satinder},
journal={Artificial Intelligence},
volume={112},
pages={181--211},
year={1999}}

@article{mnih2015human-level,
title={Human-level control through deep reinforcement learning},
author={Mnih, Volodymyr and Kavukcuoglu, Koray and Silver, David and Rusu, Andrei A and Veness, Joel and Bellemare, Marc G and Graves, Alex and Riedmiller, Martin and Fidjeland, Andreas and Ostrovski, Georg and others},
journal={Nature},
volume={518},
number={7540},
pages={529},
year={2015}}

@article{kulkarni2016hierarchical,
  title={Hierarchical deep reinforcement learning: Integrating temporal abstraction and intrinsic motivation},
  author={Kulkarni, Tejas D and Narasimhan, Karthik R and Saeedi, Ardavan and Tenenbaum, Joshua B},
  journal={arXiv preprint arXiv:1604.06057},
  year={2016}
}
